
@article{Quinlan-ML90:foil,
  author    = {J. Ross Quinlan},
  title     = {Learning Logical Definitions from Relations},
  journal   = {Machine Learning},
  volume    = {5},
  pages     = {239--266},
  year      = {1990},
}

@article{Muggleton-NGC95:progol,
  author    = {Stephen Muggleton},
  title     = {Inverse Entailment and Progol},
  journal   = {New Generation Comput.},
  volume    = {13},
  number    = {3{\&}4},
  pages     = {245--286},
  year      = {1995},
  doi       = {10.1007/BF03037227},
}

@article{WangLi-CoRR15:rdf2rules,
  author    = {Zhichun Wang and
               Juan{-}Zi Li},
  title     = {RDF2Rules: Learning Rules from {RDF} Knowledge Bases by Mining Frequent
               Predicate Cycles},
  journal   = {CoRR},
  volume    = {abs/1512.07734},
  year      = {2015},
}

@article{Galarraga+-VLDBJ15:amiep,
  author    = {Luis Gal{\'{a}}rraga and
               Christina Teflioudi and
               Katja Hose and
               Fabian M. Suchanek},
  title     = {Fast rule mining in ontological knowledge bases with {AMIE+}},
  journal   = {{VLDB} J.},
  volume    = {24},
  number    = {6},
  pages     = {707--730},
  year      = {2015},
  doi       = {10.1007/s00778-015-0394-1},
}

@inproceedings{RoR-NIPS17,
  author    = {Tim Rockt{\"{a}}schel and
               Sebastian Riedel},
  title     = {End-to-end Differentiable Proving},
  booktitle = {Advances in Neural Information Processing Systems 30: Annual Conference
               on Neural Information Processing Systems 2017},
  pages     = {3791--3803},
  year      = {2017},
 }

@inproceedings{YaYaCo-NIPS17:neurallp,
  author    = {Fan Yang and
               Zhilin Yang and
               William W. Cohen},
  title     = {Differentiable Learning of Logical Rules for Knowledge Base Reasoning},
  booktitle = {Advances in Neural Information Processing Systems 30: Annual Conference
               on Neural Information Processing Systems 2017},
  pages     = {2316--2325},
  year      = {2017},
 }
 
 @article{EGre-jair18:learning-explanatory-rules,
  author    = {Richard Evans and
               Edward Grefenstette},
  title     = {Learning Explanatory Rules from Noisy Data},
  journal   = {J. Artif. Intell. Res.},
  volume    = {61},
  pages     = {1--64},
  year      = {2018},
  url       = {https://doi.org/10.1613/jair.5714},
  doi       = {10.1613/jair.5714},
  timestamp = {Mon, 21 Jan 2019 15:01:17 +0100},
  biburl    = {https://dblp.org/rec/bib/journals/jair/EvansG18},
  bibsource = {dblp computer science bibliography, https://dblp.org}
}
 

 
 
 @inproceedings{Ho+-ISWC18:guided-by-embedding,
  author    = {Vinh Thinh Ho and
               Daria Stepanova and
               Mohamed H. Gad{-}Elrab and
               Evgeny Kharlamov and
               Gerhard Weikum},
  title     = {Rule Learning from Knowledge Graphs Guided by Embedding Models},
  booktitle = {The Semantic Web - {ISWC} 2018 - 17th International Semantic Web Conference, Proceedings, Part {I}},
  pages     = {72--90},
  year      = {2018},
 }
 
 @article{Campero+-corr18,
  author    = {Andres Campero and
               Aldo Pareja and
               Tim Klinger and
               Josh Tenenbaum and
               Sebastian Riedel},
  title     = {Logical Rule Induction and Theory Learning Using Neural Theorem Proving},
  journal   = {CoRR},
  volume    = {abs/1809.02193},
  year      = {2018},
 }
 
@inproceedings{OWaWa-IJCAI18:scalable-rule-learning,
  author    = {Pouya Ghiasnezhad Omran and
               Kewen Wang and
               Zhe Wang},
  title     = {Scalable Rule Learning via Learning Representation},
  booktitle = {Proceedings of the Twenty-Seventh International Joint Conference on
               Artificial Intelligence},
  pages     = {2149--2155},
  year      = {2018},
}




@inproceedings{
Dong+-ICLR19:nlms,
title={Neural Logic Machines},
author={Honghua Dong and Jiayuan Mao and Tian Lin and Chong Wang and Lihong Li and Denny Zhou},
booktitle={International Conference on Learning Representations},
year={2019},
url={https://openreview.net/forum?id=B1xY-hRctX},
}

@inproceedings{Manhaeve+-NIPS18:deepproblog,
  author    = {Robin Manhaeve and
               Sebastijan Dumancic and
               Angelika Kimmig and
               Thomas Demeester and
               Luc De Raedt},
  title     = {DeepProbLog: Neural Probabilistic Logic Programming},
  booktitle = {Advances in Neural Information Processing Systems 31: Annual Conference
               on Neural Information Processing Systems 2018.},
  pages     = {3753--3763},
  year      = {2018},
}

@article{Minervini+-NAMPI18:ntp-at-scale,
  author    = {Pasquale Minervini and
               Matko Bosnjak and
               Tim Rockt{\"{a}}schel and
               Sebastian Riedel},
  title     = {Towards Neural Theorem Proving at Scale},
  journal   = {In Neural Abstract Machines & Program
Induction v2, NAMPI},
  year      = {2018},
  url       = {http://arxiv.org/abs/1807.08204},
 }
 
 
 @article{Muggleton-ngc91:ilp,
  author    = {Stephen Muggleton},
  title     = {Inductive Logic Programming},
  journal   = {New Generation Comput.},
  volume    = {8},
  number    = {4},
  pages     = {295--318},
  year      = {1991},
  url       = {https://doi.org/10.1007/BF03037089},
  doi       = {10.1007/BF03037089},
  timestamp = {Wed, 14 Nov 2018 10:24:10 +0100},
  biburl    = {https://dblp.org/rec/bib/journals/ngc/Muggleton91},
  bibsource = {dblp computer science bibliography, https://dblp.org}
}
 
 @book{Raedt-08-Logical-and-relational-learning,
  author    = {Luc De Raedt},
  title     = {Logical and relational learning},
  series    = {Cognitive Technologies},
  publisher = {Springer},
  year      = {2008},
}
 
 @book{Fuernkranz+-12-Foundations-of-Rule-Learning,
  author    = {Johannes F{\"{u}}rnkranz and
               Dragan Gamberger and
               Nada Lavrac},
  title     = {Foundations of Rule Learning},
  series    = {Cognitive Technologies},
  publisher = {Springer},
  year      = {2012},
}
 
 @inproceedings{SteGaHo-RR18:overview,
  author    = {Daria Stepanova and
               Mohamed H. Gad{-}Elrab and
               Vinh Thinh Ho},
  title     = {Rule Induction and Reasoning over Knowledge Graphs},
  booktitle = {Reasoning Web. Learning, Uncertainty, Streaming, and Scalability -
               14th International Summer School 2018, Tutorial Lectures},
  pages     = {142--172},
  year      = {2018},
  }
  
  @misc{ilpdatasets,
  title = {{ILP Applications and Datasets}},
  howpublished = {\url{https://www.doc.ic.ac.uk/~shm/applications.html}},
  note = {Accessed: 2019-01-30}
  }
